@misc{TracProject,
    title = "The Trac Project",
    url = "https://trac.edgewall.org",
    organization = "Edgewall Software",
    keywords  = "trac",
    year= "2003"
}

@misc{JiraSoftware,
    title = "Jira Software",
    url = "https://www.atlassian.com/br/software/jira",
    organization = "Atlassian",
    keywords  = "jira",
    year= "2020"
}

@misc{qulturerocksdesempenho,
    title = "O que é gestão de desempenho?",
    url = "https://qulture.rocks/blog/o-que-e-gestao-de-desempenho/",
    organization = "Qulture.Rocks",
    keywords  = "Qulture",
    year= "2020",
    author="Francisco Homem de Mello"
}

@misc{diciomultitarefas,
    title = "DICIO, Dicionário Online de Português",
    url = "https://www.dicio.com.br/",
    organization = "7Graus",
    year= "2020"
}

@misc{scrum,
    title = "Scrum",
    url = "https://www.desenvolvimentoagil.com.br/scrum/",
    keywords  = "scrum",
    year= "2020"
}

@misc{scrumatlassian,
    title = "Atlassian Agile Coach - Scrum",
    url = "https://www.atlassian.com/br/agile/scrum",
    author="Claire Drumond",
    keywords  = "scrum",
    year="2020"
}

@misc{scrumorgstorypoints,
    title = "Why do we use Story Points for Estimating?",
    url = "https://www.scrum.org/resources/blog/why-do-we-use-story-points-estimating",
    year= "2020",
    author="Derek Davidson"
}

@misc{scrumguide,
    title = "The Scrum Guide",
    url = "https://www.scrumguides.org/docs/scrumguide/v2017/2017-Scrum-Guide-US.pdf",
    year= "2017",
    author="Ken Schwaber and Jeff Sutherland"
}

@misc{storypointsculturaagilexemplo,
    title = "Story Points e por que elas são necessárias",
    url = "https://www.culturaagil.com.br/story-points-e-por-que-elas-sao-necessarias/",
    year= "2020",
    author="Kleber Bernardo"
}

@thesis{rabello2017gestao,
  title={Gestão de Equipes Multitarefas},
  author={Rabello, Helio Carlos Candeias},
  year={2017},
  school={Fundação Getulio Vargas}
}

@hidden{FIPE2017,
    title = "Salariômetro FIPE",
    url = "http://salariometro.fipe.org.br/home",
    organization = "FIPE",
    year= "2017"
}

@article{barbaran1998indicadores,
  title={Indicadores de produtividade na ind{\'u}stria de Software},
  author={Barbar{\'a}n, GC and Francischini, PG},
  year={1998},
  publisher={Enegep}
}

@article{sato2007usoMetricas,
  title={Uso eficaz de m{\'e}tricas em m{\'e}todos {\'a}geis de desenvolvimento de software},
  author={Sato, Danilo Toshiaki},
  journal={Instituto de Matem{\'a}tica e Estat{\'\i}stica, Universidade de S{\~a}o Paulo, S{\~a}o Paulo},
  volume={139},
  year={2007}
}

@article{bruno2019GPDesempenho,
  title={Gestão de Pessoas: Avaliação de Desempenho},
  author={Marques, Bruno Roberto Hafner de Souza},
  url={https://repositorio.pgsskroton.com/handle/123456789/28598},
  year={2019}
}